% https://math.franklin.uga.edu/sites/default/files/users/user317/ShifrinDiffGeo.pdf
% https://math.stackexchange.com/questions/3270824/matrix-of-shape-operator-of-the-sphere
% https://en.wikipedia.org/wiki/Hyperboloid_model#Isometries
% https://en.wikipedia.org/wiki/Hyperbolic_space#Euclidean_embeddings

 @book{kuhnelwolfgang_2006,
  author     = {K{\"u}hnel Wolfgang},
  collection = {Student mathematical library},
  edition    = {2},
  isbn       = {0821839888},
  place      = {Providence, Rhode Island},
  publisher  = {American Mathematical Society},
  series     = {Student mathematical library},
  title      = {Differential geometry: Curves - surfaces - manifolds},
  translator = {Bruce Hunt},
  volume     = {16},
  year       = {2006},
} 
 @book{lee_2013,
  author     = {John M. Lee},
  collection = {Graduate Texts in Mathematics},
  edition    = {2},
  isbn       = {9781441999818},
  place      = {New York, New York},
  publisher  = {Springer},
  series     = {Graduate Texts in Mathematics},
  title      = {Introduction to smooth manifolds},
  volume     = {218},
  year       = {2013},
} 