% https://math.franklin.uga.edu/sites/default/files/users/user317/ShifrinDiffGeo.pdf